<?xml version="1.0" encoding="UTF-8"?>
<OAI-PMH xmlns="http://www.openarchives.org/OAI/2.0/" xmlns:xsi="http://www.w3.org/2001/XMLSchema-instance" xsi:schemaLocation="http://www.openarchives.org/OAI/2.0/ http://www.openarchives.org/OAI/2.0/OAI-PMH.xsd">
<ListRecords>
<record>
<header status="updated">
<identifier>urm_publish:71292108970002121</identifier>
</header>
<metadata>
<record xmlns="http://www.loc.gov/MARC21/slim" xmlns:xsi="http://www.w3.org/2001/XMLSchema-instance" xsi:schemaLocation="http://www.loc.gov/MARC21/slim http://www.loc.gov/standards/marcxml/schema/MARC21slim.xsd" ><leader>01255nam a2200313 a 4500</leader><controlfield tag="005">19990604113142.0</controlfield><controlfield tag="008">900109t19891989miua          00110deng  </controlfield><controlfield tag="001">999619471802121</controlfield><datafield tag="010" ind1=" " ind2=" "><subfield code="a">   89090710 </subfield></datafield><datafield tag="035" ind1=" " ind2=" "><subfield code="a">(OCoLC)20652946</subfield></datafield><datafield tag="035" ind1=" " ind2=" "><subfield code="9">ALW6147UW</subfield></datafield><datafield tag="035" ind1=" " ind2=" "><subfield code="a">(WU)1692175-uwmadisondb</subfield></datafield><datafield tag="040" ind1=" " ind2=" "><subfield code="a">DLC</subfield><subfield code="b">eng</subfield><subfield code="c">DLC</subfield><subfield code="d">EZP</subfield><subfield code="d">WIH</subfield></datafield><datafield tag="043" ind1=" " ind2=" "><subfield code="a">n-us-mi</subfield><subfield code="a">nl-----</subfield></datafield><datafield tag="050" ind1="0" ind2="0"><subfield code="a">F612.S9</subfield><subfield code="b">R93 1989</subfield></datafield><datafield tag="082" ind1="0" ind2="0"><subfield code="a">977.4/9</subfield><subfield code="2">20</subfield></datafield><datafield tag="100" ind1="1" ind2=" "><subfield code="a">Rydholm, C. Fred.</subfield><subfield code="2">LCNAMES</subfield><subfield code="0">41-LIBRARY_OF_CONGRESS-n  88237898</subfield><subfield code="9">Y</subfield></datafield><datafield tag="245" ind1="1" ind2="0"><subfield code="a">Superior heartland :</subfield><subfield code="b">a backwoods history /</subfield><subfield code="c">[C. Fred Rydholm].</subfield></datafield><datafield tag="264" ind1=" " ind2="1"><subfield code="a">Marquette, MI (221 Lakewood Ln., Marquette 49855) :</subfield><subfield code="b">C.F. Rydholm,</subfield><subfield code="c">[1989]</subfield></datafield><datafield tag="264" ind1=" " ind2="4"><subfield code="c">©1989</subfield></datafield><datafield tag="300" ind1=" " ind2=" "><subfield code="a">2 volumes (xvii, 1598 pages) :</subfield><subfield code="b">illustrations ;</subfield><subfield code="c">26 cm</subfield></datafield><datafield tag="336" ind1=" " ind2=" "><subfield code="a">text</subfield><subfield code="b">txt</subfield><subfield code="2">rdacontent</subfield></datafield><datafield tag="337" ind1=" " ind2=" "><subfield code="a">unmediated</subfield><subfield code="b">n</subfield><subfield code="2">rdamedia</subfield></datafield><datafield tag="338" ind1=" " ind2=" "><subfield code="a">volume</subfield><subfield code="b">nc</subfield><subfield code="2">rdacarrier</subfield></datafield><datafield tag="505" ind1="0" ind2=" "><subfield code="a">v.1,bk.1. The north end of the Bentley Trail. -- v.1,bk.2. White Deer Lake country: the south end of the Bentley Trail. -- v.2,bk.3. The Andersens and the Yellowdog Plains. -- v.2,bk.4. My friends, family, and life in these north woods.</subfield></datafield><datafield tag="651" ind1=" " ind2="0"><subfield code="a">Superior, Lake, Region</subfield><subfield code="x">History, Local.</subfield><subfield code="2">LCSH</subfield></datafield><datafield tag="651" ind1=" " ind2="0"><subfield code="a">Marquette County (Mich.)</subfield><subfield code="x">History.</subfield><subfield code="2">LCSH</subfield></datafield><datafield tag="651" ind1=" " ind2="0"><subfield code="a">Upper Peninsula (Mich.)</subfield><subfield code="x">History, Local.</subfield><subfield code="2">LCSH</subfield><subfield code="0">41-LIBRARY_OF_CONGRESS-sh 85141245</subfield><subfield code="9">Y</subfield></datafield><datafield tag="997" ind1=" " ind2=" "><subfield code="a">MARCIVE</subfield></datafield><datafield tag="651" ind1=" " ind2="0"><subfield code="a">Northern Peninsula (Mich.)</subfield><subfield code="2">LCSH</subfield><subfield code="0">41-LIBRARY_OF_CONGRESS-sh 85141245</subfield><subfield code="9">N</subfield></datafield><datafield tag="INST" ind1=" " ind2=" "><subfield code="a">01UWI_NETWORK</subfield><subfield code="b">P</subfield><subfield code="c">71292108970002121</subfield></datafield><datafield tag="INST" ind1=" " ind2=" "><subfield code="a">01UWI_MAD</subfield><subfield code="b">P</subfield><subfield code="c">21540932680002122</subfield></datafield><datafield tag="AVA" ind1=" " ind2=" "><subfield code="a">01UWI_MAD</subfield><subfield code="b">ILL</subfield><subfield code="c">ILL Lending Location</subfield><subfield code="d">F572 S9 R93 1989</subfield><subfield code="e">available</subfield><subfield code="f">1</subfield><subfield code="g">0</subfield><subfield code="j">illlending</subfield><subfield code="k">0</subfield><subfield code="p">1</subfield><subfield code="q">ILL Library</subfield></datafield><datafield tag="AVA" ind1=" " ind2=" "><subfield code="0">9916921753602122</subfield><subfield code="8">22540932670002122</subfield><subfield code="a">01UWI_MAD</subfield><subfield code="b">WHSLIBRARY</subfield><subfield code="c">Stacks</subfield><subfield code="d">F572 S9 R93 1989</subfield><subfield code="e">unavailable</subfield><subfield code="f">1</subfield><subfield code="g">1</subfield><subfield code="j">stk</subfield><subfield code="k">0</subfield><subfield code="p">2</subfield><subfield code="q">Wisconsin Historical Society Library</subfield></datafield><datafield tag="MMS" ind1=" " ind2=" "><subfield code="b">999619471802121</subfield><subfield code="a">01UWI_NETWORK</subfield></datafield><datafield tag="MMS" ind1=" " ind2=" "><subfield code="b">9916921753602122</subfield><subfield code="a">01UWI_MAD</subfield></datafield></record>
</metadata>
</record>
</ListRecords>
</OAI-PMH>